@article{BRAENDLE2016696,
title = "Selection of public servants into politics",
journal = "Journal of Comparative Economics",
volume = "44",
number = "3",
pages = "696 - 719",
year = "2016",
issn = "0147-5967",
doi = "https://doi.org/10.1016/j.jce.2015.11.005",
url = "http://www.sciencedirect.com/science/article/pii/S0147596715001146",
author = "Thomas Braendle and Alois Stutzer",
}

@article{10.2307/2951277,
 ISSN = {00335533, 15314650},
 URL = {http://www.jstor.org/stable/2951277},

 author = {Timothy Besley and Stephen Coate},
 journal = {The Quarterly Journal of Economics},
 number = {1},
 pages = {85--114},
 publisher = {Oxford University Press},
 title = {An Economic Model of Representative Democracy},
 volume = {112},
 year = {1997}
}

@article{10.2307/2946658,
    author = {Osborne, Martin J. and Slivinski, Al},
    title = "{A Model of Political Competition with Citizen-Candidates*}",
    journal = {The Quarterly Journal of Economics},
    volume = {111},
    number = {1},
    pages = {65-96},
    year = {1996},
    month = {02},
}

@article{doi:10.1111/j.1468-0262.2004.00539.x,
author = {Chattopadhyay, Raghabendra and Duflo, Esther},
title = {Women as Policy Makers: Evidence from a Randomized Policy Experiment in India},
journal = {Econometrica},
year = {2004},
volume = {72},
number = {5},
pages = {1409-1443},
keywords = {Gender, decentralization, affirmative action, political economy},
doi = {10.1111/j.1468-0262.2004.00539.x},
url = {https://onlinelibrary.wiley.com/doi/abs/10.1111/j.1468-0262.2004.00539.x},
}

@article{BRAGA20171,
title = "The performance of politicians: The effect of gender quotas",
journal = "European Journal of Political Economy",
volume = "46",
pages = "1 - 14",
year = "2017",
issn = "0176-2680",
doi = "https://doi.org/10.1016/j.ejpoleco.2016.10.007",
url = "http://www.sciencedirect.com/science/article/pii/S0176268016302336",
author = "Michela Braga and Francesco Scervini",
}

@article{doi:10.1111/j.1468-0297.2011.02448.x,
author = {Besley, Timothy and Montalvo, Jose G. and Reynal-Querol, Marta},
title = {Do Educated Leaders Matter?*},
journal = {The Economic Journal},
volume = {121},
number = {554},
pages = {F205-227},
doi = {10.1111/j.1468-0297.2011.02448.x},
url = {https://onlinelibrary.wiley.com/doi/abs/10.1111/j.1468-0297.2011.02448.x},
year = {2017},
}

@article{10.2307/27821948,
 ISSN = {00925853, 15405907},
 URL = {http://www.jstor.org/stable/27821948},
  author = {Scott Gehlbach and Konstantin Sonin and Ekaterina Zhuravskaya},
 journal = {American Journal of Political Science},
 number = {3},
 pages = {718--736},
 publisher = {[Midwest Political Science Association, Wiley]},
 title = {Businessman Candidates},
 volume = {54},
 year = {2010}
}

@article{doi:10.1177/106591290605900411,
author = {Beth A. Rosenson},
title ={The Impact of Ethics Laws on Legislative Recruitment and the Occupational Composition of State Legislatures},
journal = {Political Research Quarterly},
volume = {59},
number = {4},
pages = {619-627},
year = {2006},
doi = {10.1177/106591290605900411},

URL = { 
        https://doi.org/10.1177/106591290605900411
    
},
}